@article{salamon2006review,
  title={A review and numerical assessment of the random walk particle tracking method},
  author={Salamon, Peter and Fern{\`a}ndez-Garcia, Daniel and G{\'o}mez-Hern{\'a}ndez, J Jaime},
  journal={Journal of contaminant hydrology},
  volume={87},
  number={3-4},
  pages={277--305},
  year={2006},
  publisher={Elsevier}
}